%----------------------------------------------------------------------------------------
%	BOOK
%----------------------------------------------------------------------------------------

@book{cengel:book,
author = "{Yunnus A. Çengel} and {John M. Cimbala}",
title = "Fluid Mechanics- Fundamentals and Application, Third Edition",
year = "2014",
address = "New York, the U.S.A."
}
%publisher = "McGraw Hill",
%isbn = {978-0-07-338032-2}

@book{spinger:book,
editor = "{Cameron Tropea} and {Alexander L. Yarin} and {John F. Foss}",
title = "Springer Handbook of Experimental Fluid Mechanics",
publisher = "Springer",
year = "2007",
address = "Germany",
isbn = {978-3-540-25141-5}
}
@article{pipe:article,
  author = {Lofti Zeghadnia, Lakhdar Djemili, Larbi Houichi, Rezgui Nordine} ,
  journal = {Journal of Environmental Science and Technology 8(2): p42-58},
  title = {Efficiency of the Flow in the Circular Pipe},
 
  publisher = {ANSI},
  url = {},
  year = 2016
}

@book{tobias:book,
author = "{Tobias Oetiker} and {Hubert Partl} and {Irene Hyna} and {Elisabeth Schlegl}",
title = "The {N}ot {S}o {S}hort {I}ntroduction to \LaTeX{}2e",
year = "2011",
address = "Switzerland"
}
%publisher = "???",
%isbn = {1234}

@book{kopka:guide,
author = "{Kopka, Helmut}",
title = "Guide to \LaTeX{}",
publisher = "Addison-Wesley",
year = "2004",
address = "Boston",
isbn = {0321173856}
%----------------------------------------------------------------------------------------
%	ARTICLE
%----------------------------------------------------------------------------------------
@article{un:udhr,
  author = {international community, United Nations},
  title = {The Universal Declaration of Human Rights},
  url = {http://www.un.org/en/documents/udhr},
  year = 1948
  
@article{mix:article,
  author = {Mihret Woldemariam} and {Roman Filimonov} and {Tuomas Purtonen} and { Joonas Sorvari} and {Tuomas Koiranen} and {Harri Eskelinen} ,
  title = {Mixing performance evaluation of additive manufactured milli-scale reactors},
  publisher = {Lappeenranta University of Technology} and {Elsevier Ltd},
  url = {https://www.sciencedirect.com/science/article/pii/S0009250916302780},
  year = 2016
}

@article{voxer:article,
  author = {Juhani Pylkkänen},
  title = {Flow Voxer - Technical Paper},
  publisher = {SansOx Limited},
  url = {},
  year = 2016
}

@article{pipe:article,
  author = {Lofti Zeghadnia} and {Lakhdar Djemili} and {Larbi Houichi} and {Rezgui Nordine} ,
  title = {Efficiency of the Flow in the Circular Pipe},
  journal = {Journal of Environmental Science and Technology 8(2): p42-58},
  publisher = {ANSI},
  url = {},
  year = 2016
}
%----------------------------------------------------------------------------------------
%	WEB
%----------------------------------------------------------------------------------------
@online{wikibooks:latex,
title = "\LaTeX{}",
year = "2012",
publisher = "{wikibooks.org}",
url = "http://en.wikibooks.org/wiki/LaTeX",
lastchecked = "November~05, 2012"
}
%author = "{???}", 

@online{kerava:web,
title = "\LaTeX{}",
year = "2012",
publisher = "{wikibooks.org}",
url = "http://en.wikibooks.org/wiki/LaTeX",
lastchecked = "November~05, 2012"
}
%author = "{???}",